<?xml version="1.0" encoding="UTF-8"?><collection xmlns="http://www.loc.gov/MARC21/slim"><record><leader>00459nam--2200181-i-4500</leader><controlfield tag="001">000022100</controlfield><controlfield tag="002">20161230</controlfield><controlfield tag="005">20161230201034</controlfield><controlfield tag="008">060222s1000------------r-----000-0-eng-d</controlfield><datafield ind1=" " ind2=" " tag="020"><subfield code="a">0471680494</subfield></datafield><datafield ind1=" " ind2=" " tag="040"><subfield code="a">IFIN-HH</subfield></datafield><datafield ind1=" " ind2=" " tag="080"><subfield code="a">539.12.162.8</subfield></datafield><datafield ind1="1" ind2=" " tag="100"><subfield code="a">Perl, Martin L</subfield></datafield><datafield ind1="1" ind2="0" tag="245"><subfield code="a">High energy hadron physics</subfield><subfield code="c">Martin l. perl</subfield></datafield><datafield ind1=" " ind2=" " tag="260"><subfield code="a">New York</subfield><subfield code="b">John Wiley &amp; Sons</subfield><subfield code="c">1974</subfield></datafield><datafield ind1=" " ind2=" " tag="300"><subfield code="a">562P</subfield></datafield><datafield ind1=" " ind2=" " tag="852"><subfield code="a">41913</subfield><subfield code="c">539.131</subfield></datafield><datafield ind1=" " ind2=" " tag="CAT"><subfield code="a">Sys</subfield><subfield code="c">20120302</subfield><subfield code="h">145922</subfield></datafield></record></collection>